@book{douglass88,
    author = {Bates, Douglas M. and Watts, Donald G.},
    title = {Nonlinear regression analysis and its applications},
    year = {1988},
    publisher = {Wiley},
    address = {New York},
    series = {Wiley series in probability and mathematical statistics. Applied probability and statistics},
    isbn      = {0471816434}
}

@book{montgomery92,
    author = {Montgomery, Douglas C. and Peck, Elizabeth A. and Vining, G. Geoffrey},
    title = {Introduction to linear regression analysis},
    year = {2012},
    edition = {5},
    publisher = {Wiley},
    address = {New York},
    series = {Wiley series in probability and mathematical statistics. Applied probability and statistics},
    isbn      = {0471533874}
}

@techreport{ruckstuhl10,
  author       = {Ruckstuhl, Andreas},
  title        = {Introduction to Nonlinear Regression},
  institution  = {IDP Institut für Datenanalyse und Prozessdesign, ZHAW Zürcher Hochschule für Angewandte Wissenschaften},
  year         = {2010},
  note         = {Course material for the nonlinear regression block in the Weiterbildungslehrgang (WBL) in angewandter Statistik at ETH Zurich},
}

@book{seber03,
    author = {Seber, G. A. F and Wild C. J.},
    title = {Nonlinear regression},
    publisher = {John Wiley \& Sons},
    year = {2003},
    address = {New York},
    series = {Wiley series in probability and mathematical statistics. Applied probability and statistics},
}

@book{Schabenberger2002,
    author = {Schabenberger, Oliver and Pierce, Francis J.},
    title = {Contemporary Statistical Models for the Plant and Soil Sciences},
    publisher = {Taylor \& Francis, CRC Press},
    year = {2002},
    note = {Books}
}